
@book{ASGI,
  title = {Documentación (ReadTheDocs) de ASGI},
  author = {ASGI Team},
  url = {https://asgi.readthedocs.io/en/latest/}
}

@book{aws,
  title = {Página principal de AWS},
  author = {Amazon.com},
  url = {https://aws.amazon.com/es/}
}


@book{Barrier,
  title = {Wikipedia - Barrier (computer science)},
  author = {Wikimedia Foundation},
  url = {https://en.wikipedia.org/wiki/Barrier_(computer_science)}
}

@book{ChatGPT,
  title = {ChatGPT},
  author = {OpenAI},
  url = {chatgpt.com}
}


@book{contrastFinder,
  title = {Página principal de Contrast finder},
  author = {Contrast Finder},
  url = {https://app.contrast-finder.org}
}

@book{django,
  title = {Página principal de Django},
  author = {Django Software Foundation and individual contributors},
  url = {https://www.djangoproject.com}
}

@book{djangoChannels,
  title = {Documentación (ReadTheDocs) de Django Channels, },
  author = {Django Software Foundation},
  url = {https://channels.readthedocs.io/en/latest/}
}

@book{djangoChannelsInstall,
  title = {Instalación de Django Channels},
  author = {Django Software Foundation},
  url = {https://channels.readthedocs.io/en/latest/installation.html}
}

@book{djangoChannelsLayers,
  title = {Uso del sistema de 'layers' en Django Channels},
  author = {Django Software Foundation},
  url = {https://channels.readthedocs.io/en/latest/tutorial/part_2.html#enable-a-channel-layer}
}

@book{djangoChannelsTutorial,
  title = {Tutoriales de uso en Django Channels},
  author = {Django Software Foundation},
  url = {https://channels.readthedocs.io/en/latest/tutorial/index.html}
}

@book{docker,
  title = {Página principal de Django},
  author = {Docker Inc, Solomon Hykes},
  url = {https://www.docker.com}
}

@book{draw.io,
  title = {Herramienta web draw.io},
  author = {JGraph Ltd},
  url = {https://app.diagrams.net}
}

@book{figma,
  title = {Página principal de Figma design},
  author = {Figma Inc},
  url = {https://www.figma.com/es-es/design/}
}

@book{github,
  title = {Pagína principal de Github},
  author = {GitHub Inc},
  url = {https://github.com}
}

@book{pictogrammers,
  title = {Iconos mdi de Pictogrammers},
  author = {Pictogrammers contributors},
  url = {https://pictogrammers.com/library/mdi/}
}

@book{pytest,
  title = {Página principal de pytest},
  author = {Holger Krekel, pytest-dev team},
  url = {https://docs.pytest.org/en/8.2.x/}
}

@book{vscode,
  title = {Pagína principal de Visual Studio Code},
  author = {Microsoft Inc},
  url = {https://code.visualstudio.com}
}

@book{vue3,
  title = {Introducción a Vue},
  author = {Evan You, Vue team},
  url = {https://vuejs.org/guide/introduction.html}
}

@book{vue3vue2,
  title = {Diferencias entre Vue2 y Vue3},
  author = {Evan You, Vue team},
  url = {https://vuejs.org/about/faq#what-s-the-difference-between-vue-2-and-vue-3}
}

@book{vueAxios,
  title = {Usando Axios para consumir APIs },
  author = {Evan You, Vue team},
  url = {https://es.vuejs.org/v2/cookbook/using-axios-to-consume-apis.html}
}

@book{vuetify,
  title = {Introducción a Vuetify, "¿Qué es Vuetify?"},
  author = {Vuetify team},
  url = {https://vuetifyjs.com/en/introduction/why-vuetify/#what-is-vuetify3f}
}

@book{websocketMDN,
  title = {Documentación para el uso objetos WebSocket en javascript},
  author = {Mozilla Foundation},
  url = {https://developer.mozilla.org/en-US/docs/Web/API/WebSocket}
}

@book{whatIsDjangoChannels,
  title = {Guía de uso de Django Channels "Guide to Django Channels: What it is, pros and cons and use cases" },
  author = {Ably},
  url = {https://ably.com/topic/what-is-django-channels}
}

@book{wsl,
  title = {Instalación de WSL},
  author = {Microsoft Inc},
  url = {https://learn.microsoft.com/es-es/windows/wsl/install}
}

